@paper{nakamoto2008,
   author = {Satoshi Nakamoto},
   title = {Bitcoin: A Peer-to-Peer Electronic Cash System},
   url = {https://bitcoin.org/bitcoin.pdf},
   year = {2008},
}
@web_page{dai1998,
   author = {Wei Dai},
   title = {b-money},
   url = {http://www.weidai.com/bmoney.txt},
   year = {1998},
   
}
@web_page{szabo2008,
   author = {Nick Szabo},
   title = {Unenumerated: Bit gold},
   url = {https://unenumerated.blogspot.com/2005/12/bit-gold.html},
   day = {27},
   month = {12},
   year = {2008},
}
@article{vuterin2014,
   author = {Vitalik Buterin},
   title = {Ethereum: A Next-Generation Smart Contract and Decentralized Application Platform},
   url = {https://ethereum.org/669c9e2e2027310b6b3cdce6e1c52962/Ethereum_White_Paper_-_Buterin_2014.pdf},
   year = {2014},
}
@article{vuterin2018,
   author = {Vitalik Buterin},
   title = {Improving front running resistance of x*y=k market makers},
   url = {https://ethresear.ch/t/improving-front-running-resistance-of-x-y-k-market-makers/1281},
   month = {03},
   year = {2014},
}
@article{elrond2019,
   author = {{The Elrond Team}},
   title = {Elrond A Highly Scalable Public Blockchain via Adaptive State Sharding and Secure Proof of Stake},
   url = {https://elrond.com/assets/files/elrond-whitepaper.pdf},
   year = {2019},
}
@web_page{elrond2022,
   author = {{The Elrond Team}},
   title = {Docs · The Internet Scale Blockchain},
   url = {https://docs.elrond.com/},
   year = {2022},
}
@web_page{finney2005,
   author = {Hal Finney},
   title = {RPOW - Reusable Proofs of Work},
   url = {http://fennetic.net/irc/finney.org/~hal/rpow/},
   year = {2005},
}
@web_page{brownworth1,
   author = {Anders Brownworth},
   title = {Blockchain 101 - A Visual Demo - YouTube},
   url = {https://www.youtube.com/watch?v=_160oMzblY8},
   day = {5},
   month = {11},
   year = {2016},
}
@web_page{brownworth2,
   author = {Anders Brownworth},
   title = {Blockchain 101 - Part 2 - Public / Private Keys and Signing - YouTube},
   url = {https://www.youtube.com/watch?v=xIDL_akeras},
   day = {30},
   month = {12},
   year = {2017},
}
@web_page{tual2015,
   author = {Stephan Tual},
   title = {Ethereum Launches | Ethereum Foundation Blog},
   url = {https://blog.ethereum.org/2015/07/30/ethereum-launches/},
   day = {30},
   month = {7},
   year = {2015},
}
@web_page{mincul2021,
   author = {Lucian Mincu},
   title = {The Maiar DeFi Wallet: A Powerful Web Extension For Internet-Scale DeFi · Elrond},
   url = {https://elrond.com/blog/maiar-defi-wallet/},
   day = {14},   
   month = {9},
   year = {2021},
}
@article{mech2018,
   author = {Daniela Mechkaroska and Vesna Dimitrova and Aleksandra Popovska-Mitrovikj},
   URL = {https://www.researchgate.net/publication/330585021_Analysis_of_the_Possibilities_for_Improvement_of_BlockChain_Technology},
   doi = {10.1109/TELFOR.2018.8612034},
   isbn = {9781538671702},
   journal = {2018 26th Telecommunications Forum, TELFOR 2018 - Proceedings},
   keywords = {Bitcoin,BlockChain,Cryptocurrency,Double spending,Scalability,SmartContract},
   publisher = {Institute of Electrical and Electronics Engineers Inc.},
   title = {Analysis of the Possibilities for Improvement of BlockChain Technology},
   year = {2018},
}
@web_page{bounties01,
   author = {Danny Nelson},
   title = {Elrond Will Pay You 60,000 USD to Break Its Blockchain - CoinDesk},
   url = {https://www.coindesk.com/tech/2020/06/10/elrond-will-pay-you-60000-to-break-its-blockchain/},
   day = {10},   
   month = {6},
   year = {2020},
}
@web_page{mincub2021,
   author = {Beniamin Mincu},
   title = {Battle Of Yields: 100,000 USD Maiar Exchange Incentivized DEX Competition · Elrond},
   url = {https://elrond.com/blog/battle-of-yields-announcement/},
   day = {7},   
   month = {9},
   year = {2021},
}
@web_page{mincub2019,
   author = {Beniamin Mincu},
   title = {(11) Beniamin Mincu on Twitter: Everything we've built at Elrond is prepared for the MainNet launch, pending security audits. Spent the whole day with our team in an internal hacking sprint taking the network apart. Everything else matters only if Elrond is secure. Heavy security audits ongoing. / Twitter},
   url = {https://twitter.com/beniaminmincu/status/1200835749412777984},
   day = {30},   
   month = {11},
   year = {2019},
}
@web_page{mincub2019-2,
   author = {Beniamin Mincu},
   journal = {Medium},
   title = {After Exceeding 10k TPS in Testnet, Elrond Is Going Open Source},
   url = {https://medium.com/elrondnetwork/after-exceeding-10k-tps-in-testnet-elrond-is-going-open-source-61dd25e93fd9},
   day = {21},   
   month = {6},
   year = {2019},
}
@web_page{baro2021,
   author = {{Baro Virtual - Coinmonks}},
   title = {Ethereum and Solana Competitors},
   url = {https://medium.com/coinmonks/ethereum-and-solana-%D1%81ompetitors-2638afd96ef2},
   day = {27},   
   month = {9},
   year = {2021},
}
@article{herlihy2018,
   author = {Maurice Herlihy},
   doi = {10.1145/3212734.3212736},
   isbn = {9781450357951},
   journal = {Proceedings of the Annual ACM Symposium on Principles of Distributed Computing},
   month = {1},
   pages = {245-254},
   publisher = {Association for Computing Machinery},
   title = {Atomic Cross-Chain Swaps},
   url = {https://arxiv.org/abs/1801.09515v4},
   year = {2018},
}
@web_page{cryptopedia2021,
   author = {{Cryptopedia Staff}},
   title = {What Is an Automated Market Maker (AMM)?},
   url = {https://www.gemini.com/cryptopedia/amm-what-are-automated-market-makers},
   day = {15},
   month = {3},
   year = {2021},
}
@article{Boneh2004,
   author = {Dan Boneh and Ben Lynn and Hovav Shacham},
   doi = {10.1007/S00145-004-0314-9},
   issn = {1432-1378},
   issue = {4},
   journal = {Journal of Cryptology 2004 17:4},
   keywords = {Coding and Information Theory,Combinatorics,Communications Engineering,Computational Mathematics and Numerical Analysis,Networks,Probability Theory and Stochastic Processes},
   month = {7},
   pages = {297-319},
   publisher = {Springer},
   title = {Short Signatures from the Weil Pairing},
   volume = {17},
   url = {https://link.springer.com/article/10.1007/s00145-004-0314-9},
   year = {2004},
}
@web_page{elrond2022-2,
   author = {{The Elrond Team}},   
   title = {Technology built for internet scale · Elrond},
   url = {https://elrond.com/technology/},
   year = {2022},
}
@web_page{mongodb2021,
   author = {MongoDB},
   title = {Sharding — MongoDB Manual},
   url = {https://docs.mongodb.com/manual/sharding/},
   year = {2021},
}
@web_page{mozilla2021,
   author={Mozilla Foundation},
   title = {WebAssembly | MDN},
   url = {https://developer.mozilla.org/en-US/docs/WebAssembly},
   day = {18},
   month = {2},
   year = {2021},
}
@web_page{penalver2019,
   author = {Jeffrey Penaflor},
   title = {How do I setup my Elrond Validator?},
   url = {https://medium.com/@jeff.penaflor1983/how-do-i-setup-my-elrond-validator-52a35aec43f2},
   day = {18},
   month = {12},
   year = {2019},
}
@web_page{everstake2021,
   author = {Everstake},
   journal = {Medium},
   month = {9},
   title = {Bringing DeFi To The Next Billion With Maiar Exchange},
   url = {https://medium.com/everstake/bringing-defi-to-the-next-billion-with-maiar-exchange-869101bf555a},
   year = {2021},
}
@web_page{everstake2020,
   author = {Everstake},
   journal = {Medium},
   month = {9},
   title = {ETH 2.0 vs Elrond},
   url = {https://medium.com/everstake/eth-2-0-vs-elrond-c113dc61dc6a},
   year = {2020},
}
@web_page{paradigm2019,
   author = {Paradigm},
   journal = {Medium},
   month = {7},
   title = {Elrond: High-throughput public blockchain with Adaptive State Sharding},
   url = {https://medium.com/paradigm-fund/elrond-high-throughput-public-blockchain-with-adaptive-state-sharding-1b263fa18284},
   year = {2019},
}
@web_page{elrond2021,
   author = {{The Elrond Team}},	
   title = {Welcome to Maiar DEX | Maiar Exchange Docs},
   url = {https://docs.maiar.exchange/},
   year = {2021}
}
@web_page{cointelegraph,
   author = {{cointelegraph.com}},
   title = {What are decentralized exchanges, and how do DEXs work?},
   url = {https://cointelegraph.com/defi-101/what-are-decentralized-exchanges-and-how-do-dexs-work},
}
@book{delarosa,
   author = {Josep Lluís de la Rosa Esteva},
   editor = {Victor Garcia Font},
   publisher = {FUOC},
   address = {Barcelona},
   title = {Finances descentralitzades (DeFi)},
   year = {2021},
}
@web_page{cwirko01,
   author = {Julian Ćwirko},
   title = {Elven Tools - Tips on buying NFTs on the Elrond blockchain},
   url = {https://www.elven.tools/docs/tips-on-buying-nfts-on-the-elrond-blockchain.html},
}
@web_page{mincub2020,
   author = {Beniamin Mincu},
   day = {20},
   month = {12},
   year = {2020},
   title = {The Elrond Virtual Machine - Smart Contracts At Internet Scale},
   url = {https://elrond.com/blog/elrond-virtual-machine-arwen-wasm-vm/},
}
@web_page{ton2021,
   author = {Henry Ton},
   title = {How to Setup Your Development Environment to Create Smart Contracts with Rust on Elrond Blockchain Network},
   url = {https://tinyurl.com/4s5yzmrs},
   day = {30},   
   month = {11},
   year = {2021},
}
@web_page{elrondnet2020,
   author = {{Elrond Network}},
   title = {\#1. Elrond IDE Presentation \& Tutorial},
   url = {https://youtu.be/bXbBfJCRVqE},
   day = {28},
   month = {10},
   year = {2020},
}
@web_page{zhang2018,
   author = {Yi Zhang and Xiaohong Chen and Daejum Park},
   title = {verified-smart-contracts/x-y-k.pdf at uniswap · runtimeverification/verified-smart-contracts},
   url = {https://github.com/runtimeverification/verified-smart-contracts/blob/uniswap/uniswap/x-y-k.pdf},
   year = {2018},
}










